<record><leader>00000cas a2200000 a 4500</leader><controlfield tag="001">10884836</controlfield><controlfield tag="008">840626d19301950ksuwr ne      0   a0eng d</controlfield><datafield ind1=" " ind2=" " tag="010"><subfield code="a">sn 84029354 </subfield></datafield><datafield ind1=" " ind2=" " tag="040"><subfield code="a">KSH</subfield><subfield code="b">eng</subfield><subfield code="c">KSH</subfield><subfield code="d">NPT</subfield><subfield code="d">OCL</subfield><subfield code="d">OCLCQ</subfield></datafield><datafield ind1=" " ind2=" " tag="042"><subfield code="a">msc</subfield></datafield><datafield ind1="0" ind2="4" tag="245"><subfield code="a">The Oberlin herald and the Oberlin times.</subfield></datafield><datafield ind1=" " ind2=" " tag="260"><subfield code="a">Oberlin, Kan. :</subfield><subfield code="b">E.W. Coldren, E.R. Woodward,</subfield><subfield code="c">1930-1950.</subfield></datafield><datafield ind1=" " ind2=" " tag="300"><subfield code="a">21 v. :</subfield><subfield code="b">ill. ;</subfield><subfield code="c">54 cm.</subfield></datafield><datafield ind1=" " ind2=" " tag="310"><subfield code="a">Weekly</subfield></datafield><datafield ind1="0" ind2=" " tag="362"><subfield code="a">Vol. 51, no. 38 (Mar. 6, 1930)-v. 72, no. 28 (Dec. 28, 1950).</subfield></datafield><datafield ind1=" " ind2=" " tag="500"><subfield code="a">Publisher varies.</subfield></datafield><datafield ind1=" " ind2=" " tag="752"><subfield code="a">United States</subfield><subfield code="b">Kansas</subfield><subfield code="c">Decatur</subfield><subfield code="d">Oberlin.</subfield></datafield><datafield ind1="0" ind2="4" tag="780"><subfield code="t">Oberlin herald</subfield><subfield code="w">(DLC)sn 84029339</subfield></datafield><datafield ind1="0" ind2="4" tag="780"><subfield code="t">Oberlin times</subfield><subfield code="w">(DLC)sn 84029338</subfield></datafield><datafield ind1="0" ind2="0" tag="785"><subfield code="t">Oberlin herald (Oberlin, Kan. : 1951)</subfield><subfield code="w">(DLC)sn 84029355</subfield></datafield></record>